@misc{misc_autistic_spectrum_disorder_screening_data_for_adolescent____420,
  author       = {Tabtah,F.},
  title        = {{Autistic Spectrum Disorder Screening Data for Adolescent   }},
  year         = {2017},
  howpublished = {UCI Machine Learning Repository},
  note         = {{DOI}: https://doi.org/10.24432/C5V89T}
}
@misc{misc_autism_screening_adult_426,
  author       = {Thabtah,Fadi},
  title        = {{Autism Screening Adult}},
  year         = {2017},
  howpublished = {UCI Machine Learning Repository},
  note         = {{DOI}: https://doi.org/10.24432/C5F019}
}
@misc{misc_autistic_spectrum_disorder_screening_data_for_children___419,
  author       = {Thabtah,Fadi},
  title        = {{Autistic Spectrum Disorder Screening Data for Children  }},
  year         = {2017},
  howpublished = {UCI Machine Learning Repository},
  note         = {{DOI}: https://doi.org/10.24432/C5659W}
}